@online{opnsense,
	title     = "OPNsense® - Open Source Firewall - High-end Security Made Easy™",
	url       = "https://opnsense.org/"
}
